; Sample file to test decimal point alignment

2025-04-01 * Coffee
  expenses:dining:coffee                 $4.50
  assets:bank:checking                  -$4.50

2025-04-02 * Lunch
  expenses:dining:lunch                 $12.75
  assets:bank:checking                 -$12.75

2025-04-03 * Grocery Store
  expenses:food                        $123.45
  assets:bank:checking                -$123.45

2025-04-04 * Books
  expenses:education:books              $45.99
  assets:bank:checking                 -$45.99

2025-04-05 * Transportation
  expenses:transport                    $1.50
  assets:bank:checking                 -$1.50 